<record><leader>00000cas a2200000 a 4500</leader><controlfield tag="001">53453056</controlfield><controlfield tag="008">031118d191819uuilusr ne      0   a0eng c</controlfield><datafield ind1=" " ind2=" " tag="010"><subfield code="a">sn2003061949</subfield></datafield><datafield ind1=" " ind2=" " tag="040"><subfield code="a">NVF</subfield><subfield code="b">eng</subfield><subfield code="c">NVF</subfield><subfield code="d">NVF</subfield><subfield code="d">OCLCQ</subfield><subfield code="d">NVF</subfield><subfield code="d">OCLCO</subfield><subfield code="d">OCLCF</subfield><subfield code="d">NVF</subfield></datafield><datafield ind1=" " ind2=" " tag="042"><subfield code="a">pcc</subfield></datafield><datafield ind1=" " ind2=" " tag="043"><subfield code="a">n-us-il</subfield></datafield><datafield ind1="0" ind2="4" tag="245"><subfield code="a">The Arsenal record.</subfield></datafield><datafield ind1=" " ind2=" " tag="260"><subfield code="a">Rock Island Arsenal, Rock Island, Ill. :</subfield><subfield code="b">Rock Island Arsenal,</subfield><subfield code="c">1918-[19--?].</subfield></datafield><datafield ind1=" " ind2=" " tag="300"><subfield code="a">v.</subfield></datafield><datafield ind1=" " ind2=" " tag="310"><subfield code="a">Semimonthly,</subfield><subfield code="b">Dec. 26, 1918-&lt;Jan. 9, 1919&gt;</subfield></datafield><datafield ind1=" " ind2=" " tag="321"><subfield code="a">Weekly,</subfield><subfield code="b">July 2-Dec. 10, 1918</subfield></datafield><datafield ind1="0" ind2=" " tag="362"><subfield code="a">Vol. 1, no. 1 (July 2, 1918)-</subfield></datafield><datafield ind1=" " ind2=" " tag="530"><subfield code="a">Preservation microfilmed by the University of Illinois at Urbana-Champaign Library as part of the United States Newspaper Program; the years 1918-1919 (on 1 microfilm reel) are available for purchase from OCLC Preservation Service Centers.</subfield></datafield><datafield ind1=" " ind2=" " tag="588"><subfield code="a">Latest issue consulted: Vol. 2, no. 2 (Jan. 9, 1919).</subfield></datafield><datafield ind1="2" ind2="0" tag="610"><subfield code="a">Rock Island Arsenal (Ill.)</subfield><subfield code="v">Newspapers.</subfield></datafield><datafield ind1=" " ind2="0" tag="650"><subfield code="a">Arsenals</subfield><subfield code="z">Illinois</subfield><subfield code="z">Rock Island</subfield><subfield code="v">Newspapers.</subfield></datafield><datafield ind1=" " ind2="0" tag="651"><subfield code="a">Rock Island (Ill.)</subfield><subfield code="v">Newspapers.</subfield></datafield><datafield ind1="2" ind2="7" tag="610"><subfield code="a">Rock Island Arsenal (Ill.)</subfield><subfield code="2">fast</subfield><subfield code="0">(OCoLC)fst01759614</subfield></datafield><datafield ind1=" " ind2="7" tag="650"><subfield code="a">Arsenals.</subfield><subfield code="2">fast</subfield><subfield code="0">(OCoLC)fst00815120</subfield></datafield><datafield ind1=" " ind2="7" tag="651"><subfield code="a">Illinois</subfield><subfield code="z">Rock Island.</subfield><subfield code="2">fast</subfield><subfield code="0">(OCoLC)fst01206059</subfield></datafield><datafield ind1=" " ind2="7" tag="655"><subfield code="a">Newspapers.</subfield><subfield code="2">fast</subfield><subfield code="0">(OCoLC)fst01423814</subfield></datafield><datafield ind1=" " ind2=" " tag="752"><subfield code="a">United States</subfield><subfield code="b">Illinois</subfield><subfield code="c">Rock Island</subfield><subfield code="d">Rock Island Arsenal.</subfield></datafield><datafield ind1=" " ind2=" " tag="752"><subfield code="a">United States</subfield><subfield code="b">Illinois</subfield><subfield code="c">Rock Island</subfield><subfield code="d">Rock Island.</subfield></datafield><datafield ind1="1" ind2=" " tag="029"><subfield code="a">AU@</subfield><subfield code="b">000025135089</subfield></datafield></record>